% This file will be created with JabRef 2.10.
% Encoding: UTF8
